<record><leader>00000cas a22000007a 4500</leader><controlfield tag="001">10896876</controlfield><controlfield tag="008">840628d18581888iauwr ne      0    0eng d</controlfield><datafield ind1=" " ind2=" " tag="010"><subfield code="a">sn 84027143 </subfield></datafield><datafield ind1=" " ind2=" " tag="040"><subfield code="a">NPU</subfield><subfield code="b">eng</subfield><subfield code="c">NPU</subfield><subfield code="d">NPX</subfield><subfield code="d">INP</subfield><subfield code="d">MGN</subfield><subfield code="d">OCLCQ</subfield></datafield><datafield ind1=" " ind2=" " tag="042"><subfield code="a">msc</subfield></datafield><datafield ind1="0" ind2=" " tag="130"><subfield code="a">Clayton County journal (Guttenberg, Iowa : 1858)</subfield></datafield><datafield ind1="1" ind2="4" tag="245"><subfield code="a">The Clayton County journal.</subfield></datafield><datafield ind1="1" ind2="3" tag="246"><subfield code="a">Clayton Co. journal</subfield></datafield><datafield ind1=" " ind2=" " tag="260"><subfield code="a">Guttenberg, Iowa :</subfield><subfield code="b">Willard F. Howard,</subfield><subfield code="c">1858-</subfield></datafield><datafield ind1=" " ind2=" " tag="300"><subfield code="a">v. ;</subfield><subfield code="c">68 cm.</subfield></datafield><datafield ind1=" " ind2=" " tag="310"><subfield code="a">Weekly</subfield></datafield><datafield ind1="0" ind2=" " tag="362"><subfield code="a">Vol. 1, no. 1 (May 6, 1858)-</subfield></datafield><datafield ind1="1" ind2=" " tag="362"><subfield code="a">Ceased in 1888. Cf. Bibl. of Iowa newspapers.</subfield></datafield><datafield ind1=" " ind2=" " tag="500"><subfield code="a">Published in Guttenberg, Iowa, May 6, 1858-Apr. 19, 1859; in Garnavillo, Iowa, Apr. 26, 1859-Apr. 23, 1860; in Elkader, Iowa, Apr. 30, 1860-&lt;1888&gt;.</subfield></datafield><datafield ind1=" " ind2=" " tag="500"><subfield code="a">Publisher varies.</subfield></datafield><datafield ind1=" " ind2=" " tag="500"><subfield code="a">Includes section called: Farmer and breeder, &lt;1885-Sept. 22, 1886&gt;.</subfield></datafield><datafield ind1=" " ind2=" " tag="500"><subfield code="a">Republican, &lt;1876&gt;.</subfield></datafield><datafield ind1=" " ind2=" " tag="500"><subfield code="a">Editors: Alvah C. Rogers, &lt;1862&gt;-1863; Joseph Eiboeck, &lt;1863&gt;; Shannon &amp; Co., &lt;1876&gt;.</subfield></datafield><datafield ind1=" " ind2=" " tag="515"><subfield code="a">Issues for &lt;May 2, 1861-Nov. 19, 1863&gt; called new ser. and all called also old ser. &lt;v. 5, no. 36&gt;; issues for Feb. 26, 1873-&lt;Dec. 31, 1879&gt; called also whole no. 1132-&lt;1477&gt;.</subfield></datafield><datafield ind1=" " ind2=" " tag="752"><subfield code="a">United States</subfield><subfield code="b">Iowa</subfield><subfield code="c">Clayton</subfield><subfield code="d">Guttenberg.</subfield></datafield><datafield ind1=" " ind2=" " tag="752"><subfield code="a">United States</subfield><subfield code="b">Iowa</subfield><subfield code="c">Clayton</subfield><subfield code="d">Garnavillo.</subfield></datafield><datafield ind1=" " ind2=" " tag="752"><subfield code="a">United States</subfield><subfield code="b">Iowa</subfield><subfield code="c">Clayton</subfield><subfield code="d">Elkader.</subfield></datafield><datafield ind1="1" ind2=" " tag="787"><subfield code="t">Farmer and breeder</subfield></datafield></record>